<record xmlns="http://www.loc.gov/MARC21/slim" xmlns:xsi="http://www.w3.org/2001/XMLSchema-instance" xsi:schemaLocation="http://www.loc.gov/MARC21/slim http://www.loc.gov/standards/marcxml/schema/MARC21slim.xsd">

  <leader>00487nam a2200145Ia 4500</leader>
  <datafield tag="999" ind2=" " ind1=" ">
    <subfield code="c">2038</subfield>
    <subfield code="d">2038</subfield>
  </datafield>
  <controlfield tag="008">180904b2000    -us||||| |||| 00| | eng d</controlfield>
  <datafield ind1=" " ind2=" " tag="090">
    <subfield code="a">08.15.02 </subfield>
    <subfield code="b">1065</subfield>
  </datafield>
  <datafield tag="110" ind2=" " ind1=" ">
    <subfield code="a">Adobe Systems Incorporated and Licensors</subfield>
    <subfield code="9">528</subfield>
  </datafield>
  <datafield ind2="0" ind1="1" tag="245">
    <subfield code="a">Adobe Photoshop 6.0: User guide / </subfield>
    <subfield code="c">Adobe Systems Incorporated and Licensors</subfield>
  </datafield>
  <datafield tag="260" ind1=" " ind2=" ">
    <subfield code="a">California: </subfield>
    <subfield code="b">Adobe Systems Incorporated, </subfield>
    <subfield code="c">2000</subfield>
  </datafield>
  <datafield ind1=" " ind2=" " tag="300">
    <subfield code="a">434 páginas</subfield>
  </datafield>
  <datafield ind1="1" ind2="4" tag="650">
    <subfield code="9">1302</subfield>
    <subfield code="a">PROGRAMAS DE COMPUTADORA</subfield>
  </datafield>
  <datafield tag="650" ind2="4" ind1="1">
    <subfield code="9">426</subfield>
    <subfield code="a">MANUALES </subfield>
  </datafield>
  <datafield tag="942" ind2=" " ind1=" ">
    <subfield code="2">z</subfield>
    <subfield code="c">01</subfield>
  </datafield>
</record>